@article{RN4,
   author = {Andreyeva, Olga A. and Tuleubayeva, Sholpan K. and Ganyukova, Anna A. and Tentekbayeva, Zhuldyz M.},
   title = {Cross-cultural Communication as a Way of Achievement of Cross-cultural Communicative Compete},
   journal = {European Researcher},
   volume = {92},
   number = {3},
   pages = {208-213},
   ISSN = {22198229},
   DOI = {10.13187/er.2015.92.208},
   year = {2015},
   type = {Journal Article}
}

@article{RN3,
   author = {Maguire, Anna},
   title = {COLONIAL ENCOUNTERS},
   journal = {History Today},
   volume = {65},
   number = {12},
   pages = {39-44},
   ISSN = {00182753},
   year = {2015},
   type = {Journal Article}
}

@book{RN6,
   author = {Mitchell, Tom M.},
   title = {Machine Learning},
   publisher = {McGraw-Hill},
   address = {New York},
   ISBN = {0071154671;9780070428072;9780071154673;0070428077;},
   year = {1997},
   type = {Book}
}

